[gd_scene load_steps=19 format=3 uid="uid://cq3l6gxo2jg1k"]

[ext_resource type="Script" path="res://universe.gd" id="1"]
[ext_resource type="Script" path="res://user.gd" id="2"]
[ext_resource type="Texture2D" uid="uid://bc6ugq5c7vmbc" path="res://textures/earth_land_8192x4096.png" id="2_1ca8v"]
[ext_resource type="PackedScene" uid="uid://mvxy15ooqioa" path="res://main_menu.tscn" id="3_27s1j"]
[ext_resource type="Script" path="res://ui/log_viewer.gd" id="4_ybbuw"]
[ext_resource type="Environment" uid="uid://dheyjx6xncnl7" path="res://the_grid.tres" id="5"]
[ext_resource type="Texture2D" uid="uid://l4mpujlnvt2l" path="res://textures/grid_0.png" id="6"]
[ext_resource type="PackedScene" uid="uid://pvg1vgyro4rg" path="res://ui/menu_panel.tscn" id="6_qoxqq"]
[ext_resource type="ArrayMesh" uid="uid://b47l0bunh3a84" path="res://meshes/pivot_grid.obj" id="7"]

[sub_resource type="StandardMaterial3D" id="StandardMaterial3D_xyqpo"]
albedo_texture = ExtResource("2_1ca8v")

[sub_resource type="SphereMesh" id="SphereMesh_wtxwh"]
material = SubResource("StandardMaterial3D_xyqpo")
radius = 6378.0
height = 12756.0

[sub_resource type="SphereShape3D" id="SphereShape3D_3beeu"]
radius = 6378.0

[sub_resource type="SphereShape3D" id="SphereShape3D_sbhbs"]
radius = 1.1

[sub_resource type="StandardMaterial3D" id="StandardMaterial3D_y7agu"]
transparency = 1
cull_mode = 2
albedo_color = Color(0.402318, 1, 0.868571, 0.0862745)
metallic = 0.36
metallic_specular = 0.72
emission = Color(0.498039, 0, 0, 1)
emission_energy_multiplier = 3.29

[sub_resource type="SphereMesh" id="SphereMesh_u3ekc"]
material = SubResource("StandardMaterial3D_y7agu")
radius = 1.1
height = 2.2
radial_segments = 32
rings = 16

[sub_resource type="CapsuleShape3D" id="1"]
radius = 0.3
height = 1.2

[sub_resource type="StandardMaterial3D" id="7"]
albedo_color = Color(0.219608, 0.439216, 0.32549, 1)
emission_enabled = true
emission_energy_multiplier = 0.33
emission_texture = ExtResource("6")
uv1_scale = Vector3(256, 256, 256)

[sub_resource type="PlaneMesh" id="8"]
material = SubResource("7")
size = Vector2(256, 256)

[node name="universe" type="Node3D"]
script = ExtResource("1")

[node name="hud" type="VSplitContainer" parent="."]
anchors_preset = 15
anchor_right = 1.0
anchor_bottom = 1.0
offset_right = -2.0
offset_bottom = 2.0
grow_horizontal = 2
grow_vertical = 2
size_flags_vertical = 3
split_offset = 600
dragger_visibility = 1

[node name="main_menu" parent="hud" instance=ExtResource("3_27s1j")]
layout_mode = 2
size_flags_horizontal = 1

[node name="log_viewer" type="Label" parent="hud"]
layout_mode = 2
size_flags_vertical = 1
clip_text = true
script = ExtResource("4_ybbuw")

[node name="earth" type="StaticBody3D" parent="."]
transform = Transform3D(0.01, 0, 0, 0, 0.01, 0, 0, 0, 0.01, 101.817, 9.92297, -44.0194)

[node name="mesh" type="MeshInstance3D" parent="earth"]
mesh = SubResource("SphereMesh_wtxwh")
skeleton = NodePath("../..")

[node name="hitbox" type="CollisionShape3D" parent="earth"]
shape = SubResource("SphereShape3D_3beeu")

[node name="user" type="CharacterBody3D" parent="."]
transform = Transform3D(1, 0, 0, 0, 1, 0, 0, 0, 1, 0, 0.915522, 0)
script = ExtResource("2")

[node name="head" type="Node3D" parent="user"]
transform = Transform3D(1, 0, 0, 0, 0.999769, -0.0214834, 0, 0.0214834, 0.999769, 0, 0.75, 0)

[node name="eyes" type="Camera3D" parent="user/head"]
transform = Transform3D(1, 0, 0, 0, 1, 0, 0, 0, 1, 0, 0.08, -0.08)
current = true
fov = 90.0
near = 0.01

[node name="focus" type="RayCast3D" parent="user/head/eyes"]
hit_from_inside = true

[node name="active_pod" type="StaticBody3D" parent="user"]
transform = Transform3D(1, 0, 0, 0, 1, 0, 0, 0, 1, -0.025, 0.288325, -0.367)

[node name="hitbox" type="CollisionShape3D" parent="user/active_pod"]
shape = SubResource("SphereShape3D_sbhbs")

[node name="mesh" type="MeshInstance3D" parent="user/active_pod"]
mesh = SubResource("SphereMesh_u3ekc")

[node name="menu_panel" parent="user" instance=ExtResource("6_qoxqq")]
transform = Transform3D(1, 0, 0, 0, 1, 0, 0, 0, 1, -0.025, 0.288325, -0.367)

[node name="hitbox" type="CollisionShape3D" parent="user"]
transform = Transform3D(1.00737, 0, 0, 0, 1.00737, 0, 0, 0, 1.00737, 0, -0.28, 0)
shape = SubResource("1")
disabled = true

[node name="sun" type="DirectionalLight3D" parent="."]
transform = Transform3D(0.875355, -0.181463, -0.448135, 0.47416, 0.503335, 0.722375, 0.0944775, -0.844822, 0.52664, 5.19509, 14.8069, 4.92193)
visible = false
light_energy = 0.4
light_angular_distance = 5.0
shadow_bias = 0.77
sky_mode = 1

[node name="the_grid" type="WorldEnvironment" parent="."]
environment = ExtResource("5")

[node name="ground" type="MeshInstance3D" parent="."]
transform = Transform3D(1, -4.47035e-08, -1.49012e-08, -1.49012e-08, 1, 0, -1.49012e-08, 2.98023e-08, 1, 5.96046e-08, -1.19209e-07, 8.13085e-08)
mesh = SubResource("8")

[node name="circling_pivot" type="MeshInstance3D" parent="."]
mesh = ExtResource("7")
